@ELECTRONIC{QEMU, 
			author={Anthony Liguori}, 
			title={QEMU Emulator User Documentation},
			month={January},
			URL={http://wiki.qemu.org/download/qemu-doc.html}}

@ELECTRONIC{stack, 
			author={SpiderRico}, 
			title={Consumer/Producer with pthreads having waiting times},
			month={March},
			URL={http://stackoverflow.com/questions/29317969/consumer-producer-with-pthreads-having-waiting-times}}